%YAML 1.1
%TAG !u! tag:unity3d.com,2011:
--- !u!1 &712446214103993075
GameObject:
  m_ObjectHideFlags: 0
  m_CorrespondingSourceObject: {fileID: 0}
  m_PrefabInstance: {fileID: 0}
  m_PrefabAsset: {fileID: 0}
  serializedVersion: 6
  m_Component:
  - component: {fileID: 3162671094266603865}
  - component: {fileID: 1921424454340394728}
  - component: {fileID: 7268408771816594535}
  - component: {fileID: 7403403560093355025}
  m_Layer: 3
  m_Name: pisoMesa (3)
  m_TagString: Piso
  m_Icon: {fileID: 0}
  m_NavMeshLayer: 0
  m_StaticEditorFlags: 0
  m_IsActive: 1
--- !u!4 &3162671094266603865
Transform:
  m_ObjectHideFlags: 0
  m_CorrespondingSourceObject: {fileID: 0}
  m_PrefabInstance: {fileID: 0}
  m_PrefabAsset: {fileID: 0}
  m_GameObject: {fileID: 712446214103993075}
  m_LocalRotation: {x: -0.009720415, y: 0.70703995, z: -0.009720415, w: 0.70703995}
  m_LocalPosition: {x: -0.0209, y: -0.1948, z: -0.0001}
  m_LocalScale: {x: 0.15140034, y: 0.35628676, z: 4.13849}
  m_ConstrainProportionsScale: 0
  m_Children: []
  m_Father: {fileID: 6677667387546847981}
  m_RootOrder: 3
  m_LocalEulerAnglesHint: {x: 0, y: 90, z: -1.575}
--- !u!33 &1921424454340394728
MeshFilter:
  m_ObjectHideFlags: 0
  m_CorrespondingSourceObject: {fileID: 0}
  m_PrefabInstance: {fileID: 0}
  m_PrefabAsset: {fileID: 0}
  m_GameObject: {fileID: 712446214103993075}
  m_Mesh: {fileID: 10202, guid: 0000000000000000e000000000000000, type: 0}
--- !u!23 &7268408771816594535
MeshRenderer:
  m_ObjectHideFlags: 0
  m_CorrespondingSourceObject: {fileID: 0}
  m_PrefabInstance: {fileID: 0}
  m_PrefabAsset: {fileID: 0}
  m_GameObject: {fileID: 712446214103993075}
  m_Enabled: 1
  m_CastShadows: 1
  m_ReceiveShadows: 1
  m_DynamicOccludee: 1
  m_StaticShadowCaster: 0
  m_MotionVectors: 1
  m_LightProbeUsage: 1
  m_ReflectionProbeUsage: 1
  m_RayTracingMode: 2
  m_RayTraceProcedural: 0
  m_RenderingLayerMask: 1
  m_RendererPriority: 0
  m_Materials:
  - {fileID: 2100000, guid: 927faafa8f1b15e4990783b364d79c0a, type: 2}
  m_StaticBatchInfo:
    firstSubMesh: 0
    subMeshCount: 0
  m_StaticBatchRoot: {fileID: 0}
  m_ProbeAnchor: {fileID: 0}
  m_LightProbeVolumeOverride: {fileID: 0}
  m_ScaleInLightmap: 1
  m_ReceiveGI: 1
  m_PreserveUVs: 0
  m_IgnoreNormalsForChartDetection: 0
  m_ImportantGI: 0
  m_StitchLightmapSeams: 1
  m_SelectedEditorRenderState: 3
  m_MinimumChartSize: 4
  m_AutoUVMaxDistance: 0.5
  m_AutoUVMaxAngle: 89
  m_LightmapParameters: {fileID: 0}
  m_SortingLayerID: 0
  m_SortingLayer: 0
  m_SortingOrder: 0
  m_AdditionalVertexStreams: {fileID: 0}
--- !u!65 &7403403560093355025
BoxCollider:
  m_ObjectHideFlags: 0
  m_CorrespondingSourceObject: {fileID: 0}
  m_PrefabInstance: {fileID: 0}
  m_PrefabAsset: {fileID: 0}
  m_GameObject: {fileID: 712446214103993075}
  m_Material: {fileID: 0}
  m_IsTrigger: 0
  m_Enabled: 1
  serializedVersion: 2
  m_Size: {x: 1, y: 1, z: 1}
  m_Center: {x: 0, y: 0, z: 0}
--- !u!1001 &5079641109146839279
PrefabInstance:
  m_ObjectHideFlags: 0
  serializedVersion: 2
  m_Modification:
    m_TransformParent: {fileID: 0}
    m_Modifications:
    - target: {fileID: 1933545859691831810, guid: 73eba16983031ef42930a0101166d923,
        type: 3}
      propertyPath: m_RootOrder
      value: 0
      objectReference: {fileID: 0}
    - target: {fileID: 1933545859691831810, guid: 73eba16983031ef42930a0101166d923,
        type: 3}
      propertyPath: m_LocalPosition.x
      value: -7.93
      objectReference: {fileID: 0}
    - target: {fileID: 1933545859691831810, guid: 73eba16983031ef42930a0101166d923,
        type: 3}
      propertyPath: m_LocalPosition.y
      value: 4.44
      objectReference: {fileID: 0}
    - target: {fileID: 1933545859691831810, guid: 73eba16983031ef42930a0101166d923,
        type: 3}
      propertyPath: m_LocalPosition.z
      value: -0.365
      objectReference: {fileID: 0}
    - target: {fileID: 1933545859691831810, guid: 73eba16983031ef42930a0101166d923,
        type: 3}
      propertyPath: m_LocalRotation.w
      value: 1
      objectReference: {fileID: 0}
    - target: {fileID: 1933545859691831810, guid: 73eba16983031ef42930a0101166d923,
        type: 3}
      propertyPath: m_LocalRotation.x
      value: -0
      objectReference: {fileID: 0}
    - target: {fileID: 1933545859691831810, guid: 73eba16983031ef42930a0101166d923,
        type: 3}
      propertyPath: m_LocalRotation.y
      value: -0
      objectReference: {fileID: 0}
    - target: {fileID: 1933545859691831810, guid: 73eba16983031ef42930a0101166d923,
        type: 3}
      propertyPath: m_LocalRotation.z
      value: -0
      objectReference: {fileID: 0}
    - target: {fileID: 1933545859691831810, guid: 73eba16983031ef42930a0101166d923,
        type: 3}
      propertyPath: m_LocalEulerAnglesHint.x
      value: 0
      objectReference: {fileID: 0}
    - target: {fileID: 1933545859691831810, guid: 73eba16983031ef42930a0101166d923,
        type: 3}
      propertyPath: m_LocalEulerAnglesHint.y
      value: 0
      objectReference: {fileID: 0}
    - target: {fileID: 1933545859691831810, guid: 73eba16983031ef42930a0101166d923,
        type: 3}
      propertyPath: m_LocalEulerAnglesHint.z
      value: 0
      objectReference: {fileID: 0}
    - target: {fileID: 2413204962245217241, guid: 73eba16983031ef42930a0101166d923,
        type: 3}
      propertyPath: m_Name
      value: Mesa (1)
      objectReference: {fileID: 0}
    - target: {fileID: 2803563782835938308, guid: 73eba16983031ef42930a0101166d923,
        type: 3}
      propertyPath: m_LocalScale.x
      value: 4.98761
      objectReference: {fileID: 0}
    - target: {fileID: 2803563782835938308, guid: 73eba16983031ef42930a0101166d923,
        type: 3}
      propertyPath: m_ConstrainProportionsScale
      value: 0
      objectReference: {fileID: 0}
    - target: {fileID: 3962984952948985785, guid: 73eba16983031ef42930a0101166d923,
        type: 3}
      propertyPath: m_LocalPosition.x
      value: 2.06
      objectReference: {fileID: 0}
    - target: {fileID: 7049618200816411565, guid: 73eba16983031ef42930a0101166d923,
        type: 3}
      propertyPath: m_LocalPosition.x
      value: -2.1
      objectReference: {fileID: 0}
    m_RemovedComponents: []
  m_SourcePrefab: {fileID: 100100000, guid: 73eba16983031ef42930a0101166d923, type: 3}
--- !u!4 &6677667387546847981 stripped
Transform:
  m_CorrespondingSourceObject: {fileID: 1933545859691831810, guid: 73eba16983031ef42930a0101166d923,
    type: 3}
  m_PrefabInstance: {fileID: 5079641109146839279}
  m_PrefabAsset: {fileID: 0}
